<record xmlns="http://www.loc.gov/MARC21/slim" xmlns:xsi="http://www.w3.org/2001/XMLSchema-instance" xsi:schemaLocation="http://www.loc.gov/MARC21/slim http://www.loc.gov/standards/marcxml/schema/MARC21slim.xsd"><leader>     nam a22        4500</leader><controlfield tag="001">3063348</controlfield><controlfield tag="003">NNC</controlfield><controlfield tag="006">m        d        </controlfield><controlfield tag="007">cr cn |||m|||a</controlfield><controlfield tag="008">150316s1952    ua      ob    000 0 arar </controlfield><datafield ind1=" " ind2=" " tag="040"><subfield code="a">NNU</subfield><subfield code="b">eng</subfield><subfield code="c">NNU</subfield></datafield><datafield ind1="1" ind2=" " tag="041"><subfield code="a">ara</subfield><subfield code="h">per</subfield></datafield><datafield ind1="0" ind2="4" tag="050"><subfield code="a">BP231</subfield><subfield code="b">.I2</subfield></datafield><datafield ind1="1" ind2=" " tag="100"><subfield code="6">880-01</subfield><subfield code="a">Ibn Miskawayh, Ah&#803;mad ibn Muh&#803;ammad,</subfield><subfield code="d">-1030.</subfield></datafield><datafield ind1="1" ind2="3" tag="245"><subfield code="6">880-02</subfield><subfield code="a">al-H&#803;ikmah al-kha&#772;lidah</subfield><subfield code="h">[electronic resource] :</subfield><subfield code="b">Ja&#772;vi&#772;da&#772;n kharad.</subfield><subfield code="c">H&#803;aqqaqahu wa-qaddama lahu &#699;Abd al-Rah&#803;ma&#772;n Badawi&#772;.</subfield></datafield><datafield ind1="3" ind2="0" tag="246"><subfield code="6">880-03</subfield><subfield code="a">Ja&#772;vi&#772;da&#772;n kharad</subfield></datafield><datafield ind1=" " ind2=" " tag="260"><subfield code="6">880-04</subfield><subfield code="a">al-Qa&#772;hirah,</subfield><subfield code="b">Maktabat al-Nahd&#803;ah al-Mis&#803;ri&#772;yah,</subfield><subfield code="c">1952.</subfield></datafield><datafield ind1=" " ind2=" " tag="300"><subfield code="a">online resource (64, 383 p.)</subfield></datafield><datafield ind1="1" ind2=" " tag="490"><subfield code="6">880-05</subfield><subfield code="a">Dira&#772;sa&#772;t Isla&#772;mi&#772;yah,</subfield><subfield code="v">13</subfield></datafield><datafield ind1=" " ind2=" " tag="500"><subfield code="a">At head of title: Abu&#772; &#699;Ali&#772; Ah&#803;mad ibn Muh&#803;ammad Miskawayh.</subfield></datafield><datafield ind1=" " ind2=" " tag="500"><subfield code="a">Includes, as the basis of the work, the Arabic translation by H&#803;asan ibn Sahl of a Persian collection of ethical precepts entitled Ja&#772;vi&#772;da&#772;n kharad. The Persian text, of uncertain origin, is not extant. Cf. pref.</subfield></datafield><datafield ind1=" " ind2=" " tag="500"><subfield code="a">Part of the Arabic Collections Online (ACO) project, contributed by Columbia University Libraries.</subfield></datafield><datafield ind1=" " ind2=" " tag="504"><subfield code="a">Includes bibliographical references.</subfield></datafield><datafield ind1="0" ind2=" " tag="505"><subfield code="a">Tas&#803;di&#772;r &#699;a&#772;mm -- H&#803;ikam al-Furs: Kita&#772;b ja&#772;vi&#772;da&#772;n kharad. A&#772;da&#772;b al-Furs -- H&#803;ikam al-Hind -- H&#803;ikam al-&#699;Arab -- H&#803;ikam al-Ru&#772;m -- H&#803;ikam al-Isla&#772;mi&#772;yi&#772;n al-muh&#803;addithi&#772;n -- Kha&#772;timah.</subfield></datafield><datafield ind1=" " ind2=" " tag="520"><subfield code="a">Includes, as the basis of the work, the Arabic translation by H&#803;asan ibn Sahl of Persian collection of ethical precepts entitled Ja&#772;vi&#772;da&#772;n Khirad. The Persian text, of uncertain origin, is not extant.</subfield></datafield><datafield ind1=" " ind2=" " tag="533"><subfield code="a">Electronic reproduction.</subfield><subfield code="b">New York, N.Y. :</subfield><subfield code="c">New York University,</subfield><subfield code="d">2015.</subfield><subfield code="5">NNU</subfield></datafield><datafield ind1=" " ind2="0" tag="650"><subfield code="a">Ethics.</subfield></datafield><datafield ind1=" " ind2="7" tag="650"><subfield code="a">Ethics.</subfield><subfield code="2">fast</subfield><subfield code="0">(OCoLC)fst00915833</subfield></datafield><datafield ind1="1" ind2=" " tag="700"><subfield code="6">880-06</subfield><subfield code="a">Badawi&#772;, &#699;Abd al-Rah&#803;ma&#772;n.</subfield></datafield><datafield ind1="2" ind2=" " tag="710"><subfield code="a">Columbia University.</subfield><subfield code="b">Libraries.</subfield></datafield><datafield ind1="0" ind2=" " tag="730"><subfield code="a">Arabic Collections Online.</subfield></datafield><datafield ind1="0" ind2="1" tag="740"><subfield code="6">880-07</subfield><subfield code="a">Ja&#772;vi&#772;da&#772;n kherad.</subfield></datafield><datafield ind1="0" ind2="8" tag="776"><subfield code="i">Print version:</subfield><subfield code="a">Ibn Miskawayh, Ah&#803;mad ibn Muh&#803;ammad, -1030.</subfield><subfield code="t">al-H&#803;ikmah al-kha&#772;lidah</subfield><subfield code="w">(NNC)3063348</subfield><subfield code="w">(DLC)ne 61000146 </subfield><subfield code="w">(OCoLC)22190709</subfield></datafield><datafield ind1="1" ind2=" " tag="800"><subfield code="6">880-08</subfield><subfield code="a">Badawi&#772;, &#699;Abd al-Rah&#803;ma&#772;n.</subfield><subfield code="t">Dira&#772;sa&#772;t Isla&#772;mi&#772;yah. ;</subfield><subfield code="v">13.</subfield></datafield><datafield ind1="4" ind2="0" tag="856"><subfield code="u">http://hdl.handle.net/2333.1/wm37pz0n</subfield></datafield><datafield ind1="1" ind2=" " tag="880"><subfield code="6">100-01/r</subfield><subfield code="a">&#1575;&#1576;&#1606; &#1605;&#1587;&#1603;&#1608;&#1610;&#1607;&#1548; &#1571;&#1581;&#1605;&#1583; &#1576;&#1606; &#1605;&#1581;&#1605;&#1583;.</subfield></datafield><datafield ind1="1" ind2="2" tag="880"><subfield code="6">245-02/r</subfield><subfield code="a">&#1575;&#1604;&#1581;&#1603;&#1605;&#1577; &#1575;&#1604;&#1582;&#1575;&#1604;&#1583;&#1577; :</subfield><subfield code="b">&#1580;&#1575;&#1608;&#1610;&#1583;&#1575;&#1606; &#1582;&#1585;&#1583; /</subfield><subfield code="c">&#1581;&#1602;&#1602;&#1607; &#1608;&#1602;&#1583;&#1605; &#1604;&#1607; &#1593;&#1576;&#1583; &#1575;&#1604;&#1585;&#1581;&#1605;&#1606; &#1576;&#1583;&#1608;&#1610;.</subfield></datafield><datafield ind1="3" ind2="0" tag="880"><subfield code="6">246-03/r</subfield><subfield code="a">&#1580;&#1575;&#1608;&#1610;&#1583;&#1575;&#1606; &#1582;&#1585;&#1583;</subfield></datafield><datafield ind1=" " ind2=" " tag="880"><subfield code="6">260-04/r</subfield><subfield code="a">&#1575;&#1604;&#1602;&#1575;&#1607;&#1585;&#1577; :</subfield><subfield code="b">&#1605;&#1603;&#1578;&#1576;&#1577; &#1575;&#1604;&#1606;&#1607;&#1590;&#1577; &#1575;&#1604;&#1605;&#1589;&#1585;&#1610;&#1577;&#1548;</subfield><subfield code="c">&#1633;&#1641;&#1637;&#1634;.</subfield></datafield><datafield ind1="1" ind2=" " tag="880"><subfield code="6">490-05/r</subfield><subfield code="a">&#1583;&#1585;&#1575;&#1587;&#1575;&#1578; &#1573;&#1587;&#1604;&#1575;&#1605;&#1610;&#1577; &#1563;</subfield><subfield code="v">&#1633;&#1635;</subfield></datafield><datafield ind1="1" ind2=" " tag="880"><subfield code="6">700-06/r</subfield><subfield code="a">&#1576;&#1583;&#1608;&#1610;&#1548; &#1593;&#1576;&#1583; &#1575;&#1604;&#1585;&#1581;&#1605;&#1606;.</subfield></datafield><datafield ind1="0" ind2="1" tag="880"><subfield code="6">740-07/r</subfield><subfield code="a">&#1580;&#1575;&#1608;&#1610;&#1583;&#1575;&#1606; &#1582;&#1585;&#1583;</subfield></datafield><datafield ind1="1" ind2=" " tag="880"><subfield code="6">800-08/r</subfield><subfield code="a">&#1576;&#1583;&#1608;&#1610;&#1548; &#1593;&#1576;&#1583; &#1575;&#1604;&#1585;&#1581;&#1605;&#1606;.</subfield><subfield code="t">&#1583;&#1585;&#1575;&#1587;&#1575;&#1578; &#1573;&#1587;&#1604;&#1575;&#1605;&#1610;&#1577; &#1563;</subfield><subfield code="v">&#1633;&#1635;</subfield></datafield><datafield ind1=" " ind2=" " tag="959"><subfield code="a">NNU</subfield><subfield code="b">WEB</subfield><subfield code="c">GENI</subfield><subfield code="t">0</subfield><subfield code="m">Electronic access</subfield><subfield code="s">01</subfield></datafield><datafield ind1=" " ind2=" " tag="999"><subfield code="i">NNC_3063348</subfield><subfield code="o">(OCoLC)ocm22190709</subfield><subfield code="e">(ERROR-880)</subfield><subfield code="s">columbia_aco000334</subfield></datafield></record>